%Bibliography - it will be generated according to alphabetical authors/organizations list

%scientific article
@article{Instruction,
 journal              = {Institute of Information Technology, Technical University of Lodz},
 title                = {Labolatory instruction \textnumero$\:$1 The Delta rule}
 }
}
